1059 1644
351 207 422 224 Appenuix
432 207 448 220 -ιι
458 207 515 220 neuun
524 207 600 220 anetense-
609 207 621 220 s
632 207 646 220 ci
655 206 707 224 inauig.
819 206 854 224 437

202 246 259 264 Urbis
278 248 297 265 et
315 247 339 265 ab
352 247 454 266 Ordinariis
471 248 553 266 locorum
570 248 671 271 respective
687 246 855 270 praescribendum,

202 275 303 293 observare
320 276 426 294 teneantur.
458 276 588 300 Eleemosynae
606 276 671 294 autem
690 275 716 293 sic
731 275 817 294 collectas
836 275 855 292 iu

202 303 342 327 reparationem
359 304 379 322 et
395 305 483 322 ornatum
496 304 621 325 ecclesiarum,
639 305 680 322 tam
694 303 790 325 ordinum,
807 303 855 321 Reli-

203 331 287 355 gionum,
303 331 437 350 Institutorum
450 332 569 356 erigentium,
586 332 727 350 instituentium
740 332 760 350 et
773 337 855 350 commu-

203 359 317 381 nicantium,
342 365 365 378 ac
385 360 618 379 Archiconfratemitatum
643 361 662 378 et
686 360 855 384 Cougregationum

203 388 357 412 aggregautium,
373 394 430 412 quam
449 388 629 407 Confiatei'nitatum
649 389 669 407 et
686 388 855 412 Oongregationum

204 416 345 440 exigendarum,
362 416 521 435 instituendarum
541 418 560 435 et
577 416 736 441 aggregandamm
756 417 775 434 et
788 416 855 439 quibus

204 444 380 463 communicationes
393 444 444 467 fient,
458 446 493 463 aut
506 445 525 463 in
539 445 585 463 alios
598 451 663 463 earum
676 445 715 468 pios
724 450 768 463 usus
777 444 855 462 arbitrio

204 472 285 496 ejusdem
297 472 367 491 Vicarii
381 473 444 491 Nostri
458 474 477 491 in
492 473 549 495 Urbe,
567 479 639 492 necnon
654 473 794 491 Ordinariorum
807 473 855 491 loco-

204 507 246 519 rum
257 501 359 524 raepective
378 501 458 520 fideliter
475 507 566 525 exponere
583 503 640 525 atque
656 507 732 525 erogare
748 501 854 524 procurent,

204 530 225 547 ut
236 535 300 547 omnes
314 529 426 553 intelligant,
437 530 525 548 coelestes
534 530 626 548 Ecclesiae
635 530 737 551 thesauros,
752 535 790 547 non
799 534 855 552 quae-

203 559 249 579 stus,
263 558 297 576 aut
310 557 390 581 alicujus
402 558 449 576 lucri
463 564 529 580 causa,
547 558 577 577 sed
592 558 669 582 pietatis
683 559 702 576 et
715 557 815 576 charitatis
824 563 855 575 ex-

203 586 290 605 citandae
303 586 366 610 gratia
379 592 401 604 ex
415 586 532 610 Apostolicae
545 586 596 604 Sedis
611 586 728 610 benignitate
741 585 855 604 Christifide-

203 614 251 632 libus
265 614 339 638 aperiri.
362 611 462 633 Praeterea
475 615 567 636 volumus,
581 615 603 633 ut
616 614 729 635 confessarii,
747 614 779 637 qui
792 613 855 637 vigore

204 642 342 666 privilegiorum
355 643 399 666 ipsis
411 643 516 665 Ordinibus,
530 643 661 667 Religionibus,
674 642 770 661 Institutis
784 642 854 665 erigen-

203 671 262 692 tibus,
281 671 423 689 instituentibus
439 672 459 689 et
475 671 664 692 communicantibus,
680 676 714 689 seu
726 670 854 688 Archiconfra-

202 699 324 717 temitatibus
338 700 358 717 et
371 699 550 723 Congregationibus
563 699 709 723 aggregantibus
727 696 853 717 concessorum

203 733 224 746 ac
238 727 429 746 Conflateruitatibus
443 728 462 746 et
476 727 653 751 Congregationibus
669 727 792 751 aggregandis
806 732 854 745 com-

203 755 357 774 municandorum
370 761 404 779 pro
418 757 502 779 tempore
516 756 559 780 eligi
573 756 650 779 possunt
665 756 685 774 et
699 756 798 779 poterunt,
815 760 854 773 sae-

203 784 274 802 culares
292 784 363 802 scilicet
381 784 400 802 in
418 784 474 802 Alma
492 784 541 802 Urbe
558 790 570 802 a
587 784 682 807 praedicto
693 784 761 802 Nosti-0
775 783 854 804 Viciu-io,

203 813 255 830 extra
269 811 338 830 Urbem
356 817 400 831 vero
418 818 430 830 a
449 812 530 831 locorum
544 812 653 834 Ordinariis,
673 812 773 836 Regulares
789 812 854 830 autem

203 846 239 859 non
254 840 314 859 solum
330 846 342 858 a
359 840 453 864 praedicto
467 840 540 859 Vicario
554 840 631 862 Nostro,
647 842 666 859 et
682 847 694 859 a
707 841 788 859 locorum
803 840 854 858 Ordi-

203 869 259 887 uariis
275 869 387 892 respective,
405 869 436 887 sed
453 869 511 887 etiam
527 875 539 887 a
555 869 594 892 suis
609 868 738 892 Superioribus
754 868 854 892 approbati

202 897 248 919 sint,
264 898 323 920 utque
337 896 441 920 confratres
455 897 564 915 confitentes
580 903 592 915 a
610 897 726 919 criminibus,
743 897 815 915 casibus
835 897 854 914 et

202 925 290 947 censuris,
301 925 358 948 juxta
371 925 463 943 dictorum
476 925 615 949 privilegiorum
630 926 731 948 (quatenus
741 926 806 943 tamen
816 925 855 942 sint

202 953 221 971 in
235 959 277 975 usu,
291 954 311 971 et
324 954 381 971 sacris
395 953 471 972 Concilii
481 953 585 971 Tridentini
598 953 683 975 decretis,
698 959 720 971 ac
728 953 853 971 Romanorum

203 981 315 1000 Pontificum
329 981 492 1000 Praedecessorum
508 981 620 1000 Nostrorum
640 982 659 1000 et
676 981 744 1000 nostris
760 981 853 999 Constitu.-

202 1010 285 1028 tionibus
296 1015 334 1028 non
348 1010 479 1031 adversentur,
497 1015 530 1028 nec
544 1010 640 1031 revocata,
659 1010 693 1028 aut
710 1010 744 1028 sub
761 1009 855 1033 aliquibus

202 1038 351 1057 revocationibus
363 1038 494 1061 comprehensa
511 1038 556 1060 sint)
574 1038 653 1056 formam
670 1039 690 1056 et
703 1039 787 1056 tenorem
801 1038 854 1056 duin-

202 1067 258 1085 taxat
271 1066 366 1085 absolvere
379 1066 461 1084 valeant.
479 1066 598 1085 Decemimus
612 1067 693 1090 insuper,
707 1067 729 1084 ut
742 1066 797 1084 iidem
811 1071 854 1084 con-

202 1094 274 1113 fessarii
291 1094 394 1118 praedictos
412 1094 514 1113 confratres
535 1095 667 1118 cujuscumque
686 1095 763 1118 gradus,
786 1095 853 1115 status,

202 1123 313 1141 wnditionis
327 1123 346 1141 et
359 1122 527 1146 praeeminentiae,
542 1123 600 1141 etiam
614 1123 629 1141 si
642 1123 717 1146 speciali
729 1124 775 1141 nota
787 1122 854 1146 dignae

202 1151 279 1173 fuerint,
294 1156 306 1169 a
319 1151 391 1169 casibus
405 1151 497 1169 contentis
510 1151 529 1169 in
544 1151 617 1172 litteris,
631 1156 679 1174 quae
692 1151 722 1169 die
735 1151 806 1169 Coenae
818 1150 854 1169 Do-

202 1179 249 1198 mini
264 1179 299 1203 legi
313 1180 458 1201 consueverunt,
475 1184 545 1197 necnon
563 1179 669 1197 violationis
687 1179 813 1197 immunitatis
835 1180 855 1197 et

202 1207 298 1226 libertatis
311 1207 453 1229 ecclesiasticae,
469 1209 488 1226 et
502 1207 599 1226 clausurae
612 1208 769 1226 monasteriorum
782 1207 853 1226 Meuia-

202 1236 256 1258 lium,
274 1236 289 1254 si
303 1235 388 1254 videlieet
401 1236 440 1254 sine
457 1236 560 1254 necessaria
578 1237 597 1254 et
611 1236 686 1260 urgenti
699 1242 761 1258 causa,
779 1241 801 1254 ac
814 1236 854 1254 sine

202 1264 323 1288 Superiorum
336 1264 420 1286 licentia,
437 1264 465 1282 vel
478 1264 536 1282 etiam
550 1264 565 1282 si
578 1269 635 1282 causa
648 1265 668 1283 et
680 1264 756 1283 licentia
769 1270 855 1283 concessa

201 1293 303 1311 abutentes
315 1292 412 1316 praedicta
423 1292 537 1310 monasteria
551 1292 627 1315 ingressi
641 1292 717 1315 fuerint,
732 1298 802 1311 necnon
815 1292 854 1311 vio-
