1059 1644
323 238 395 255 Appandix
404 238 422 251 aa
431 238 488 251 neum.
497 239 574 252 mimne-
582 239 595 252 s
604 239 619 253 c.
629 239 681 257 manig.
783 241 819 259 507

169 284 250 302 cumque
259 278 338 300 Ordinis,
349 278 501 302 Congregationis
515 280 534 298 et
543 279 635 301 Instituti,
649 281 762 304 quicumque
774 281 820 300 alias

170 307 253 331 ejusdem
262 306 315 325 eard.
324 307 393 325 Vicarii
405 312 438 325 seu
452 307 508 330 ipsius
518 307 652 332 Vieesgerentis
665 309 820 333 approbationem

170 335 194 354 ad
207 335 309 353 audiendas
322 334 444 354 confessiones
458 335 548 358 habeant,
565 337 585 355 et
600 336 676 361 insuper
689 342 722 361 per
737 343 780 356 suos
793 343 821 356 re-

171 363 251 387 spective
264 363 358 387 regulares
370 363 475 386 Praelatos,
492 369 525 382 seu
539 364 652 388 Superiores,
666 366 690 384 ad
704 366 821 389 excipiendas

171 397 246 411 suorum
260 391 394 415 Religiosorum
408 392 529 411 confessiones
543 392 628 416 deputati
648 393 726 415 fuerint;
745 394 769 412 ad
787 394 821 412 hoc

171 420 246 442 scilicet,
259 420 282 438 ut
294 420 350 438 iidem
364 420 471 438 confessarii
484 419 585 439 facultates
598 421 703 445 hujusmodi
717 428 761 446 erga
773 422 821 440 solos

170 448 240 473 proprii
249 448 351 472 respective
360 448 432 467 Ordinis
442 449 558 472 poenitentes
564 449 665 474 Religiosoe
674 450 709 469 hoc
716 450 821 474 jubilaeum

170 477 240 496 luctari
253 476 345 499 volentes,
363 482 447 495 exercere
461 477 480 495 in
496 478 534 496 suis
549 478 618 502 quique
634 479 726 497 coenobiis
743 484 776 497 seu
788 479 820 497 do-

171 505 241 527 mibus,
260 504 317 523 libere
332 505 419 530 etlicite
437 505 521 527 valeant;
541 506 608 529 quibus
627 507 686 525 etiam
704 507 821 531 regularibus

171 533 295 555 confessas-iis,
316 533 427 552 facultatem
445 533 563 557 dispensandi
583 540 627 553 cuin
646 535 712 554 iisdem
733 535 821 559 religiosis

171 561 309 586 poenitentibus
324 561 344 579 in
356 562 414 580 sacris
427 561 526 580 Ordinibus
540 563 647 581 constitutis
663 569 719 587 super
732 563 822 587 irregula-

170 591 229 609 ritate
246 589 309 608 forsan
326 590 350 608 ob
368 595 489 608 censurarum
506 590 627 610 violationem
644 592 750 613 contracta,
768 591 822 609 dum-

171 618 225 637 modo
238 618 312 636 occulta
325 618 360 640 sit,
378 619 486 637 earumdem
499 619 564 638 tenore
579 620 715 643 praesentium,
733 625 755 638 ae
772 619 822 637 dicto

171 652 231 669 anno,
249 646 336 670 dictaque
349 647 445 665 occasione
460 647 570 669 dumtaxat,
588 648 705 666 concedimus
722 648 742 666 et
755 647 822 671 imper—

171 675 236 694 timus.

209 703 240 722 42.
254 703 338 728 Denique
351 703 446 721 commun-i
458 704 500 722 tam
513 704 674 725 confessariorum,
688 710 745 728 quam
759 704 822 727 poeni-

171 732 253 750 tentium
270 732 351 750 utilitati
368 737 390 750 ae
410 732 503 755 spirituali
521 732 589 750 solatio
604 732 679 756 provide
697 732 822 754 intendentes,

171 766 193 779 ac
210 765 301 779 memores
316 760 448 784 quaestionum
464 761 521 784 atque
539 760 647 783 dubiorum,
664 766 713 784 quae
728 761 823 779 occasione

171 788 283 807 universalis
294 788 371 812 jubilaei
385 788 490 812 hujusmodi
504 789 582 807 excitari
594 789 663 811 solent,
681 789 779 807 nonnullas
793 788 823 806 hic

171 816 230 835 eiiam
248 817 392 843 declarationes,
410 822 442 835 seu
460 817 519 841 magis
537 818 613 841 apertas
626 817 729 836 voluntatis
742 817 823 835 Nostrae

171 845 317 869 significationes
335 850 391 869 super
409 845 443 863 hoc
460 851 472 863 a
489 845 548 864 Nobis
565 845 636 864 indicto
657 846 760 869 praesentis
778 845 823 863 anni

171 873 233 892 sancti
244 873 327 897 jubilaeo
341 873 451 892 subnectere
465 874 591 897 opportunum
604 873 699 895 duximus;
713 873 780 897 quibus
795 873 823 891 in-

171 901 239 926 spectis
256 907 279 920 ac
298 901 405 925 diligenter,
424 902 447 919 ut
462 907 496 925 par
512 903 550 923 est,
571 902 713 923 animadversis,
733 902 823 925 pleraque

171 930 278 953 hujusmodi
291 930 348 948 dubia
361 930 455 948 anteverti
468 935 526 953 posse,
542 931 576 948 aut
589 929 643 948 facile
654 930 737 948 solutum
748 929 772 947 iri
785 935 823 948 non

171 958 287 977 dubitamus.
313 958 352 976 Eae
362 959 426 976 autem
440 959 490 980 sunt,
504 964 552 982 quae
565 959 677 982 sequuntur:

212 986 243 1004 43.
266 986 351 1004 Per-sonis
365 986 444 1005 Romam
463 986 486 1004 ad
504 986 539 1005 hoc
554 986 658 1010 jubilaeum
674 985 823 1011 consequendum

172 1015 236 1033 venire
252 1014 365 1036 volentibus,
387 1020 424 1033 non
443 1014 557 1039 intelligitur
573 1015 620 1033 data
637 1014 723 1033 veniendi
740 1015 823 1036 libertas,

171 1043 211 1061 sive
223 1043 307 1064 licentia,
321 1043 361 1061 sine
375 1043 452 1061 obtento
465 1043 512 1061 alias
525 1043 629 1062 noeeaeario
638 1049 713 1062 suorum
723 1043 824 1067 respective

172 1071 292 1095 Superiorum
306 1076 401 1089 consensu.

212 1099 244 1118 44.
258 1099 384 1118 Romanorum
397 1099 528 1123 appellatione,
541 1100 603 1124 quoad
616 1100 733 1118 visitationes
742 1100 824 1123 quatuor

172 1127 297 1146 Basilicarum
310 1133 344 1151 per
356 1128 436 1151 triginta
449 1127 488 1146 dies
502 1128 626 1152 peragendas,
641 1127 824 1151 compmhenduutur

172 1161 238 1174 omnes
252 1157 271 1174 et
284 1156 352 1180 singuli
367 1156 409 1174 nati
422 1157 479 1179 atque
493 1156 602 1174 habitantes
616 1156 691 1178 Rornae,
704 1155 753 1174 sieut
765 1155 823 1178 etiam

173 1185 215 1203 nati
229 1185 286 1208 atque
299 1184 408 1203 habitantes
421 1184 441 1202 in
454 1184 561 1203 suburbano
574 1184 672 1203 vinearum
685 1184 758 1206 tractu,
772 1184 824 1202 intra

173 1213 262 1236 quintum
276 1212 300 1231 ab
313 1212 363 1231 Urbe
381 1213 467 1237 lapidem.
495 1212 601 1231 Incolarum
617 1213 682 1231 autem
699 1213 782 1234 nomine,
800 1212 824 1230 ad

173 1241 260 1259 eumdem
272 1241 368 1263 effectum,
385 1241 517 1265 intelliguntur
530 1246 594 1259 omnes
606 1241 643 1263 illi,
659 1241 691 1264 qui
705 1242 778 1259 eertum
790 1240 824 1259 ali-

173 1270 223 1293 quod
234 1269 316 1288 officium
329 1270 349 1287 in
359 1269 409 1288 Urbe
421 1269 514 1291 obtinent,
528 1275 561 1287 seu
574 1275 617 1287 cum
630 1274 663 1293 spe
673 1269 720 1287 illud
728 1268 824 1288 obtinendi

173 1303 248 1316 moram
266 1297 336 1316 ibidem
354 1298 443 1320 trahunt,
462 1297 540 1321 ideoque
556 1298 575 1316 in
589 1298 629 1321 ipsa
642 1297 825 1321 quasi-domicilium

173 1326 282 1349 acquirunt3
301 1331 401 1349 amesque
417 1326 453 1347 illi,
471 1326 503 1349 qui
519 1325 544 1344 ad
561 1326 647 1344 eamdem
659 1325 738 1347 Urbem,
756 1325 785 1344 vel
800 1325 825 1344 ad
